@book{dafermos2010hyperbolic,
  title={Hyperbolic conservation laws in continuum physics},
  author={Dafermos, Constantine M},
  year={2010},
  publisher={Springer-Verlag, Berlin,}
}
@article{dafermos2013non,
  title={Non-convex entropies for conservation laws with involutions},
  author={Dafermos, Constantine M},
  journal={Philosophical Transactions of the Royal Society of London A: Mathematical, Physical and Engineering Sciences},
  volume={371},
  number={2005},
  pages={20120344},
  year={2013},
  publisher={The Royal Society}
}
@article{dafermos1986quasilinear,
  title={Quasilinear hyperbolic systems with involutions},
  author={Dafermos, Constantine M},
  journal={Archive for Rational Mechanics and Analysis},
  volume={94},
  number={4},
  pages={373--389},
  year={1986},
  publisher={Springer}
}
@book{benzoni2007multi,
  title={Multi-dimensional hyperbolic partial differential equations: First-order Systems and Applications},
  author={Benzoni-Gavage, Sylvie and Serre, Denis},
  year={2007},
  publisher={Oxford University Press on Demand}
}
@article{ball1976convexity,
  title={Convexity conditions and existence theorems in nonlinear elasticity},
  author={Ball, John M},
  journal={Archive for rational mechanics and Analysis},
  volume={63},
  number={4},
  pages={337--403},
  year={1976},
  publisher={Springer}
}
@article{liu2008global,
  title={Global solutions for incompressible viscoelastic fluids},
  author={Liu, Chun and Zhou, Yi and others},
  journal={Archive for Rational Mechanics and Analysis},
  volume={188},
  number={3},
  pages={371--398},
  year={2008},
  publisher={Springer}
}
@article{lin2008initial,
  title={On the initial-boundary value problem of the incompressible viscoelastic fluid system},
  author={Lin, Fanghua and Zhang, Ping},
  journal={Communications on Pure and Applied Mathematics},
  volume={61},
  number={4},
  pages={539--558},
  year={2008}, 
  publisher={Wiley Online Library}
}
@article{lei2005global,
  title={Global existence of classical solutions for the two-dimensional Oldroyd model via the incompressible limit},
  author={Lei, Zhen and Zhou, Yi},
  journal={SIAM journal on mathematical analysis},
  volume={37},
  number={3},
  pages={797--814},
  year={2005},
  publisher={SIAM}
}
@article{chen2006global,
  title={The global existence of small solutions to the incompressible viscoelastic fluid system in 2 and 3 space dimensions},
  author={Chen, Yemin and Zhang, Ping},
  journal={Communications in Partial Differential Equations},
  volume={31},
  number={12},
  pages={1793--1810},
  year={2006},
  publisher={Taylor and Francis}
}
@article{lei2007global,
  title={Global existence for a 2D incompressible viscoelastic model with small strain},
  author={Lei, Zhen and Liu, Chun and Zhou, Yi and others},
  journal={Communications in Mathematical Sciences},
  volume={5},
  number={3},
  pages={595--616},
  year={2007},
  publisher={International Press of Boston}
}
@article{qian2010global,
  title={Global well-posedness for compressible viscoelastic fluids near equilibrium},
  author={Qian, Jianzhen and Zhang, Zhifei},
  journal={Archive for rational mechanics and analysis},
  volume={198},
  number={3},
  pages={835--868},
  year={2010},
  publisher={Springer}
}
@article{qian2010well,
  title={Well-posedness in critical spaces for incompressible viscoelastic fluid system},
  author={Qian, Jianzhen},
  journal={Nonlinear Analysis: Theory, Methods and Applications},
  volume={72},
  number={6},
  pages={3222--3234},
  year={2010},
  publisher={Elsevier}
}
@article{hu2010local,
  title={Local strong solution to the compressible viscoelastic flow with large data},
  author={Hu, Xianpeng and Wang, Dehua},
  journal={Journal of Differential Equations},
  volume={249},
  number={5},
  pages={1179--1198},
  year={2010},
  publisher={Elsevier}
}
@article{lin2014global,
  title={Global Small Solutions to an MHD-Type System: The Three-Dimensional Case},
  author={Lin, Fanghua and Zhang, Ping},
  journal={Communications on Pure and Applied Mathematics},
  volume={67},
  number={4},
  pages={531--580},
  year={2014},
  publisher={Wiley Online Library}
}
@article{zhang2012global,
  title={Global Existence of Strong Solution for Equations Related to the Incompressible Viscoelastic Fluids in the Critical Lp Framework},
  author={Zhang, Ting and Fang, Daoyuan},
  journal={SIAM Journal on Mathematical Analysis},
  volume={44},
  number={4},
  pages={2266--2288},
  year={2012},
  publisher={SIAM}
}
@article{lin2013global,
  title={Global small solutions to 2-D incompressible MHD system},
  author={Lin, Fanghua and Xu, Li and Zhang, Ping},
  journal={arXiv preprint arXiv:1302.5877},
  year={2013}
}
@article{he2010global,
  title={Global well-posedness for viscoelastic fluid system in bounded domains},
  author={He, Lingbing and Xu, Li},
  journal={SIAM Journal on Mathematical Analysis},
  volume={42},
  number={6},
  pages={2610--2625},
  year={2010},
  publisher={SIAM}
}
@article{lin2012some,
  title={Some analytical issues for elastic complex fluids},
  author={Lin, Fanghua},
  journal={Communications on Pure and Applied Mathematics},
  volume={65},
  number={7},
  pages={893--919},
  year={2012},
  publisher={Wiley Online Library}
}
@article{lei2012rotation,
  title={Rotation-strain decomposition for the incompressible viscoelasticity in two dimensions},
  author={Lei, Zhen},
  journal={arXiv preprint arXiv:1204.5763},
  year={2012}
}
@article{xu2015global,
  title={Global Small Solutions to Three-Dimensional Incompressible Magnetohydrodynamical System},
  author={Xu, Li and Zhang, Ping},
  journal={SIAM Journal on Mathematical Analysis},
  volume={47},
  number={1},
  pages={26--65},
  year={2015},
  publisher={SIAM}
}
@article{hu2013global,
  title={Global existence and optimal decay rates for three-dimensional compressible viscoelastic flows},
  author={Hu, Xianpeng and Wu, Guochun},
  journal={SIAM Journal on Mathematical Analysis},
  volume={45},
  number={5},
  pages={2815--2833},
  year={2013},
  publisher={SIAM}
}
@article{hu2012strong,
  title={Strong solutions to the three-dimensional compressible viscoelastic fluids},
  author={Hu, Xianpeng and Wang, Dehua},
  journal={Journal of Differential Equations},
  volume={252},
  number={6},
  pages={4027--4067},
  year={2012},
  publisher={Elsevier}
}
@article{hu2012formation,
  title={Formation of singularity for compressible viscoelasticity},
  author={Hu, Xianpeng and Wang, Dehua},
  journal={Acta Mathematica Scientia},
  volume={32},
  number={1},
  pages={109--128},
  year={2012},
  publisher={Elsevier}
}
@article{hu2015global,
  title={Global Solutions of Two-Dimensional Incompressible Viscoelastic Flows with Discontinuous Initial Data},
  author={Hu, Xianpeng and Lin, Fanghua},
  journal={Communications on Pure and Applied Mathematics},
  volume={69},
  number={2},
  pages={372--404},
  year={2016},
  publisher={Wiley Online Library}
}
@article{zhang2014global,
  title={Global strong solutions for equations related to the incompressible viscoelastic fluids with a class of large initial data},
  author={Zhang, Ting},
  journal={Nonlinear Analysis: Theory, Methods and Applications},
  volume={100},
  pages={59--77},
  year={2014},
  publisher={Elsevier}  
}
@book{jou1996extended,
  title={Extended irreversible thermodynamics},
  author={Jou, David and Casas-V{'a}zquez, Jos{'e} and Lebon, Georgy},
  year={1996},
  publisher={Springer}
}
@book{ottinger2005beyond,
  title={Beyond equilibrium thermodynamics},
  author={{"O}ttinger, Hans Christian},
  year={2005},
  publisher={John Wiley and Sons}
}
@article{zhu2014conservation,
  title={Conservation-dissipation formalism of irreversible thermodynamics},
  author={Zhu, Yi and Hong, Liu and Yang, Zaibao and Yong, Wen-An},
  journal={Journal of Non-Equilibrium Thermodynamics},
  year={2014}
}
@book{dimitrienko2010nonlinear,
  title={Nonlinear continuum mechanics and large inelastic deformations},
  author={Dimitrienko, Yuriy I},
  volume={174},
  year={2010},
  publisher={Springer Science and Business Media}
}
@article{onsager1931reciprocal,
  title={Reciprocal relations in irreversible processes. I.},
  author={Onsager, Lars},
  journal={Physical Review},
  volume={37},
  number={4},
  pages={405},
  year={1931},
  publisher={APS}
}
@article{friedrichs1954symmetric,
  title={Symmetric hyperbolic linear differential equations},
  author={Friedrichs, Kurt O},
  journal={Communications on pure and applied Mathematics},
  volume={7},
  number={2},
  pages={345--392},
  year={1954},
  publisher={Wiley Online Library}
}
@article{shizuta1985systems,
  title={Systems of equations of hyperbolic-parabolic type with applications to the discrete Boltzmann equation},
  author={Shizuta, Yasushi and Kawashima, Shuichi and others},
  journal={Hokkaido Math. J},
  volume={14},
  number={2},
  pages={249--275},
  year={1985}
}
@phdthesis{kawashima1984systems,
  title={Systems of a hyperbolic-parabolic composite type, with applications to the equations of magnetohydrodynamics},
  author={Kawashima, Shuichi},
  year={1984},
  school={Kyoto University}
}
@book{majda2012compressible,
  title={Compressible fluid flow and systems of conservation laws in several space variables},
  author={Majda, Andrew},
  volume={53},
  year={2012},
  publisher={Springer Science and Business Media}
}
@article{lin2005hydrodynamics,
  title={On hydrodynamics of viscoelastic fluids},
  author={Lin, Fang-Hua and Liu, Chun and Zhang, Ping},
  journal={Communications on Pure and Applied Mathematics},
  volume={58},
  number={11},
  pages={1437--1471},
  year={2005},
  publisher={Wiley Online Library}
}
@article{hu2011global,
  title={Global existence for the multi-dimensional compressible viscoelastic flows},
  author={Hu, Xianpeng and Wang, Dehua},
  journal={Journal of Differential Equations},
  volume={250},
  number={2},
  pages={1200--1231},
  year={2011},
  publisher={Elsevier}
}
@article{yong2004entropy,
  title={Entropy and global existence for hyperbolic balance laws},
  author={Yong, Wen-An},
  journal={Archive for Rational Mechanics and Analysis},
  volume={172},
  number={2},
  pages={247--266},
  year={2004},
  publisher={Springer}
}
@article{lei2008global,
  title={Global solutions for incompressible viscoelastic fluids},
  author={Lei, Zhen and Liu, Chun and Zhou, Yi},
  journal={Archive for Rational Mechanics and Analysis},
  volume={188},
  number={3},
  pages={371--398},
  year={2008},
  publisher={Springer-Verlag}
}
@article{qian2011initial,
  title={Initial boundary value problems for the compressible viscoelastic fluid},
  author={Qian, Jianzhen},
  journal={Journal of Differential Equations},
  volume={250},
  number={2},
  pages={848--865},
  year={2011},
  publisher={Elsevier}
}
@article{elgindi2015global,
  title={Global Regularity for Some Oldroyd-B Type Models},
  author={Elgindi, Tarek M and Rousset, Frederic},
  journal={Communications on Pure and Applied Mathematics},
  volume={68},
  number={11},
  pages={2005--2021},
  year={2015},
  publisher={Wiley Online Library}
}
@article{friedrichs1971systems,
  title={Systems of conservation equations with a convex extension},
  author={Friedrichs, Kurt O and Lax, Peter D},
  journal={Proceedings of the National Academy of Sciences},
  volume={68},
  number={8},
  pages={1686--1688},
  year={1971},
  publisher={National Acad Sciences}
}
@book{larson1999structure,
  title={The structure and rheology of complex fluids},
  author={Larson, Ronald G},
  volume={33},
  year={1999},
  publisher={Oxford university press New York}
}

@article{yong2004entropy,
  title={Entropy and global existence for hyperbolic balance laws},
  author={Yong, Wen-An},
  journal={Archive for Rational Mechanics and Analysis},
  volume={172},
  number={2},
  pages={247--266},
  year={2004},
  publisher={Springer}
}
@article{yong2008interesting,
  title={An interesting class of partial differential equations},
  author={Yong, Wen-An},
  journal={Journal of Mathematical Physics},
  volume={49},
  number={3},
  pages={033503},
  year={2008},
  publisher={AIP Publishing}
}
@article{kawashima2009decay,
  title={Decay estimates for hyperbolic balance laws},
  author={Kawashima, Shuichi and Yong, Wen-An},
  journal={Zeitschrift f{\"u}r Analysis und ihre Anwendungen},
  volume={28},
  number={1},
  pages={1--33},
  year={2009}
}

@article{yong2014newtonian,
  title={Newtonian limit of Maxwell fluid flows},
  author={Yong, Wen-An},
  journal={Archive for Rational Mechanics and Analysis},
  volume={214},
  number={3},
  pages={913--922},
  year={2014},
  publisher={Springer}
}

@book{ottinger2005beyond,
  title={Beyond equilibrium thermodynamics},
  author={{\"O}ttinger, Hans Christian},
  year={2005},
  publisher={John Wiley \& Sons}
}
@article{friedrichs1971systems,
  title={Systems of conservation equations with a convex extension},
  author={Friedrichs, Kurt O and Lax, Peter D},
  journal={Proceedings of the National Academy of Sciences},
  volume={68},
  number={8},
  pages={1686--1688},
  year={1971},
  publisher={National Acad Sciences}
}
@misc{majda1984compressible,
  title={Compressible fluid flow and systems of conservation laws in several space variables},
  author={Andrew, Majda},
  year={1984},
  publisher={Springer Verlag}
}
@article{lin2012some,
  title={Some analytical issues for elastic complex fluids},
  author={Lin, Fanghua},
  journal={Communications on Pure and Applied Mathematics},
  volume={65},
  number={7},
  pages={893--919},
  year={2012},
  publisher={Wiley Online Library}
}
@article{lin2005hydrodynamics,
  title={On hydrodynamics of viscoelastic fluids},
  author={Lin, Fang-Hua and Liu, Chun and Zhang, Ping},
  journal={Communications on Pure and Applied Mathematics},
  volume={58},
  number={11},
  pages={1437--1471},
  year={2005},
  publisher={Wiley Online Library}
}
@article{bollada2012mathematical,
  title={On the mathematical modelling of a compressible viscoelastic fluid},
  author={Bollada, PC and Phillips, TN},
  journal={Archive for Rational Mechanics and Analysis},
  volume={205},
  number={1},
  pages={1--26},
  year={2012},
  publisher={Springer}
}
@article{qian2010global,
  title={Global well-posedness for compressible viscoelastic fluids near equilibrium},
  author={Qian, Jianzhen and Zhang, Zhifei},
  journal={Archive for rational mechanics and analysis},
  volume={198},
  number={3},
  pages={835--868},
  year={2010},
  publisher={Springer}
}

@article{kawashima1985systems,
  title={Systems of equations of hyperbolic-parabolic type with applications to the discrete Boltzmann equation},
  author={Shizuta, Yasushi and Kawashima, Shuichi and others},
  journal={Hokkaido Math. J},
  volume={14},
  number={2},
  pages={249--275},
  year={1985}
}
@inproceedings{oldroyd1950formulation,
  title={On the formulation of rheological equations of state},
  author={Oldroyd, JG},
  booktitle={Proceedings of the Royal Society of London A: Mathematical, Physical and Engineering Sciences},
  volume={200},
  number={1063},
  pages={523--541},
  year={1950},
  organization={The Royal Society}
}
@article{edwards1990remarks,
  title={Remarks concerning compressible viscoelastic fluid models},
  author={Edwards, Brian J and Beris, Antony N},
  journal={Journal of Non-Newtonian Fluid Mechanics},
  volume={36},
  pages={411--417},
  year={1990},
  publisher={Elsevier}
}

@article{saut1990existence,
  title={Existence results for the flow of viscoelastic fluids with a differential constitutive law},
  author={Guillop{\'e}, C and Saut, JC},
  journal={Nonlinear Analysis: Theory, Methods \& Applications},
  volume={15},
  number={9},
  pages={849--869},
  year={1990},
  publisher={Elsevier}
}
@book{majda2012compressible,
  title={Compressible fluid flow and systems of conservation laws in several space variables},
  author={Majda, Andrew},
  volume={53},
  year={2012},
  publisher={Springer Science \& Business Media}
}
@article{kato1975cauchy,
  title={The Cauchy problem for quasi-linear symmetric hyperbolic systems},
  author={Kato, Tosio},
  journal={Archive for Rational Mechanics and Analysis},
  volume={58},
  number={3},
  pages={181--205},
  year={1975},
  publisher={Springer}
}
@article{yang2015validity,
  title={Validity of the Chapman--Enskog expansion for a class of hyperbolic relaxation systems},
  author={Yang, Zaibao and Yong, Wen-An},
  journal={Journal of Differential Equations},
  volume={258},
  number={8},
  pages={2745--2766},
  year={2015},
  publisher={Elsevier}
}
@article{kawashima1984systems,
  title={Systems of a hyperbolic-parabolic composite type, with applications to the equations of magnetohydrodynamics},
  author={Kawashima, Shuichi},
  year={1984},
  publisher={Kyoto University}
}

@article{yong1999singular,
  title={Singular perturbations of first-order hyperbolic systems with stiff source terms},
  author={Yong, Wen-An},
  journal={Journal of differential equations},
  volume={155},
  number={1},
  pages={89--132},
  year={1999},
  publisher={Elsevier}
}
@article{yong2001basic,
  title={Basic aspects of hyperbolic relaxation systems},
  author={Yong, Wen-An},
  journal={Advances in the theory of shock waves},
  pages={259--305},
  year={2001},
  publisher={Birkh{\"a}user Boston}
}
@phdthesis{yong1992singular,
  title={Singular pertubations of first-order hyperbolic systems},
  author={Yong, Wen-An},
  year={1992},
  school={Universit\"at Heidelberg}
}
@phdthesis{kawashima1984phd,
  title={Systems of a hyperbolic-parabolic composite type, with applications to the equations of magnetohydrodynamics},
  author={Kawashima, Shuichi},
  year={1984},
  school={Kyoto University}
}


@article{jimenez2005bubble,
  title={Bubble oscillation and inertial cavitation in viscoelastic fluids},
  author={Jim{\'e}nez-Fern{\'a}ndez, J and Crespo, A},
  journal={Ultrasonics},
  volume={43},
  number={8},
  pages={643--651},
  year={2005},
  publisher={Elsevier}
}
@article{hu2011global,
  title={Global existence for the multi-dimensional compressible viscoelastic flows},
  author={Hu, Xianpeng and Wang, Dehua},
  journal={Journal of Differential Equations},
  volume={250},
  number={2},
  pages={1200--1231},
  year={2011},
  publisher={Elsevier}
}
@article{yu2015compressible,
  title={Compressible Viscoelastic Liquid Effects Generated by the Breathing Modes of Isolated Metal Nanowires},
  author={Yu, Kuai and Major, Todd A and Chakraborty, Debadi and Devadas, Mary Sajini Sajini and Sader, John and Hartland, Gregory V},
  journal={Nano letters},
  year={2015},
  publisher={ACS Publications}
}
@article{galstyan2015note,
  title={A note on the breathing mode of an elastic sphere in Newtonian and complex fluids},
  author={Galstyan, Vahe and Pak, On Shun and Stone, Howard A},
  journal={Physics of Fluids (1994-present)},
  volume={27},
  number={3},
  pages={032001},
  year={2015},
  publisher={AIP Publishing}
}
@article{chakraborty2015constitutive,
  title={Constitutive models for linear compressible viscoelastic flows of simple liquids at nanometer length scales},
  author={Chakraborty, Debadi and Sader, John E},
  journal={Physics of Fluids (1994-present)},
  volume={27},
  number={5},
  pages={052002},
  year={2015},
  publisher={AIP Publishing}
}
@article{pelton2013viscoelastic,
  title={Viscoelastic flows in simple liquids generated by vibrating nanostructures},
  author={Pelton, Matthew and Chakraborty, Debadi and Malachosky, Edward and Guyot-Sionnest, Philippe and Sader, John E},
  journal={Physical review letters},
  volume={111},
  number={24},
  pages={244502},
  year={2013},
  publisher={APS}
}
@article{qian2010global,
  title={Global well-posedness for compressible viscoelastic fluids near equilibrium},
  author={Qian, Jianzhen and Zhang, Zhifei},
  journal={Archive for rational mechanics and analysis},
  volume={198},
  number={3},
  pages={835--868},
  year={2010},
  publisher={Springer}
}

@article{renardy2008mathematical,
  title={Mathematical analysis of viscoelastic fluids},
  author={Renardy, Michael},
  journal={Handbook of differential equations: evolutionary equations},
  volume={4},
  pages={229--265},
  year={2008},
  publisher={Elsevier/North-Holland Amsterdam}
}

@article{beris2013thermodynamics,
  title={Thermodynamics of flowing systems: with internal microstructure},
  author={Beris, Antony N and Edwards, Brian J},
  year={2013},
  publisher={EMPTY}
}
@article{belblidia2006stabilised,
  title={Stabilised computations for viscoelastic flows under compressible implementations},
  author={Belblidia, Fawzi and Keshtiban, IJ and Webster, MF},
  journal={Journal of non-newtonian fluid mechanics},
  volume={134},
  number={1},
  pages={56--76},
  year={2006},
  publisher={Elsevier}
}
@article{edwards1990remarks,
  title={Remarks concerning compressible viscoelastic fluid models},
  author={Edwards, Brian J and Beris, Antony N},
  journal={Journal of Non-Newtonian Fluid Mechanics},
  volume={36},
  pages={411--417},
  year={1990},
  publisher={Elsevier}
}
@book{wilmanski2008continuum,
  title={Continuum thermodynamics},
  author={Wilmanski, Krzysztof},
  year={2008},
  publisher={World Scientific}
}
@article{grmela1997dynamicsI,
  title={Dynamics and thermodynamics of complex fluids. I. Development of a general formalism},
  author={Grmela, Miroslav and {\"O}ttinger, Hans Christian},
  journal={Physical Review E},
  volume={56},
  number={6},
  pages={6620},
  year={1997},
  publisher={APS}
}
@article{ottinger1997dynamicsII,
  title={Dynamics and thermodynamics of complex fluids. II. Illustrations of a general formalism},
  author={{\"O}ttinger, Hans Christian and Grmela, Miroslav},
  journal={Physical Review E},
  volume={56},
  number={6},
  pages={6633},
  year={1997},
  publisher={APS}
}

@article{housiadas2011perturbation,
  title={Perturbation solution of Poiseuille flow of a weakly compressible Oldroyd-B fluid},
  author={Housiadas, Kostas D and Georgiou, Georgios C},
  journal={Journal of Non-Newtonian Fluid Mechanics},
  volume={166},
  number={1},
  pages={73--92},
  year={2011},
  publisher={Elsevier}
}

@article{lind2013bubble,
  title={Bubble collapse in compressible fluids using a spectral element marker particle method. Part 2. Viscoelastic fluids},
  author={Lind, Stephen J and Phillips, Timothy Nigel},
  journal={International Journal for Numerical Methods in Fluids},
  volume={71},
  number={9},
  pages={1103--1130},
  year={2013},
  publisher={Wiley Online Library}
}
@article{guillope2010regular,
  title={Regular flows of weakly compressible viscoelastic fluids and the incompressible limit},
  author={Guillope, Colette and Salloum, Zaynab and Talhouk, Raafat},
  journal={Discrete and Continuous Dynamical Systems-Series B},
  volume={14},
  number={3},
  pages={1001--1028},
  year={2010}
}
@article{lei2006global,
  title={Global Existence of Classical Solutions for Some Oldroyd-B Model via the Incompressible Limit},
  author={Lei, Zhen},
  journal={Chinese Annals of Mathematics, Series B},
  volume={27},
  number={5},
  pages={565--580},
  year={2006},
  publisher={Springer}
}

@article{kim1999numerical,
  title={Numerical modeling of injection/compression molding for center-gated disk: Part I. Injection molding with viscoelastic compressible fluid model},
  author={Kim, IH and Park, SJ and Chung, ST and Kwon, TH},
  journal={Polymer Engineering \& Science},
  volume={39},
  number={10},
  pages={1930--1942},
  year={1999},
  publisher={Wiley Online Library}
}
@article{yu2015compressible,
  title={Compressible Viscoelastic Liquid Effects Generated by the Breathing Modes of Isolated Metal Nanowires},
  author={Yu, Kuai and Major, Todd A and Chakraborty, Debadi and Devadas, Mary Sajini Sajini and Sader, John and Hartland, Gregory V},
  journal={Nano letters},
  year={2015},
  publisher={ACS Publications}
}
@article{galstyan2015note,
  title={A note on the breathing mode of an elastic sphere in Newtonian and complex fluids},
  author={Galstyan, Vahe and Pak, On Shun and Stone, Howard A},
  journal={Physics of Fluids (1994-present)},
  volume={27},
  number={3},
  pages={032001},
  year={2015},
  publisher={AIP Publishing}
}

@article{pelton2013viscoelastic,
  title={Viscoelastic flows in simple liquids generated by vibrating nanostructures},
  author={Pelton, Matthew and Chakraborty, Debadi and Malachosky, Edward and Guyot-Sionnest, Philippe and Sader, John E},
  journal={Physical review letters},
  volume={111},
  number={24},
  pages={244502},
  year={2013},
  publisher={APS}
}
@article{chakraborty2015constitutive,
  title={Constitutive models for linear compressible viscoelastic flows of simple liquids at nanometer length scales},
  author={Chakraborty, Debadi and Sader, John E},
  journal={Physics of Fluids (1994-present)},
  volume={27},
  number={5},
  pages={052002},
  year={2015},
  publisher={AIP Publishing}
}

@article{pelton2009damping,
  title={Damping of acoustic vibrations in gold nanoparticles},
  author={Pelton, Matthew and Sader, John E and Burgin, Julien and Liu, Mingzhao and Guyot-Sionnest, Philippe and Gosztola, David},
  journal={Nature nanotechnology},
  volume={4},
  number={8},
  pages={492--495},
  year={2009},
  publisher={Nature Publishing Group}
}

@article{squires2009fluid,
  title={Fluid mechanics of microrheology},
  author={Squires, Todd M and Mason, Thomas G},
  journal={Annual Review of Fluid Mechanics},
  volume={42},
  number={1},
  pages={413},
  year={2009}
}
@article{beris2013thermodynamics,
  title={Thermodynamics of flowing systems: with internal microstructure},
  author={Beris, Antony N and Edwards, Brian J},
  year={2013},
  publisher={EMPTY}
}
@article{edwards1990remarks,
  title={Remarks concerning compressible viscoelastic fluid models},
  author={Edwards, Brian J and Beris, Antony N},
  journal={Journal of Non-Newtonian Fluid Mechanics},
  volume={36},
  pages={411--417},
  year={1990},
  publisher={Elsevier}
}
@article{belblidia2006stabilised,
  title={Stabilised computations for viscoelastic flows under compressible implementations},
  author={Belblidia, Fawzi and Keshtiban, IJ and Webster, MF},
  journal={Journal of non-newtonian fluid mechanics},
  volume={134},
  number={1},
  pages={56--76},
  year={2006},
  publisher={Elsevier}
}
@book{wilmanski2008continuum,
  title={Continuum thermodynamics},
  author={Wilmanski, Krzysztof},
  year={2008},
  publisher={World Scientific}
}

@article{sureshkumar2004stability,
  title={Stability analysis using compressible viscoelastic formulation},
  author={Sureshkumar, R},
  journal={Journal of non-newtonian fluid mechanics},
  volume={116},
  number={2},
  pages={471--477},
  year={2004},
  publisher={Elsevier}
}

@article{qian2010global,
  title={Global well-posedness for compressible viscoelastic fluids near equilibrium},
  author={Qian, Jianzhen and Zhang, Zhifei},
  journal={Archive for rational mechanics and analysis},
  volume={198},
  number={3},
  pages={835--868},
  year={2010},
  publisher={Springer}
}

@article{grmela1984bracket,
  title={Bracket formulation of dissipative fluid mechanics equations},
  author={Grmela, Miroslav},
  journal={Physics Letters A},
  volume={102},
  number={8},
  pages={355--358},
  year={1984},
  publisher={Elsevier}
}
@article{morrison1984bracket,
  title={Bracket formulation for irreversible classical fields},
  author={Morrison, Philip J},
  journal={Physics Letters A},
  volume={100},
  number={8},
  pages={423--427},
  year={1984},
  publisher={Elsevier}
}
@article{kaufman1984dissipative,
  title={Dissipative Hamiltonian systems: a unifying principle},
  author={Kaufman, Allan N},
  journal={Physics Letters A},
  volume={100},
  number={8},
  pages={419--422},
  year={1984},
  publisher={Elsevier}
}
@article{fang2014incompressible,
  title={Incompressible limit of Oldroyd-B fluids in the whole space},
  author={Fang, Daoyuan and Zi, Ruizhao},
  journal={Journal of Differential Equations},
  volume={256},
  number={7},
  pages={2559--2602},
  year={2014},
  publisher={Elsevier}
}
@article{hu2013global,
  title={Global existence and optimal decay rates for three-dimensional compressible viscoelastic flows},
  author={Hu, Xianpeng and Wu, Guochun},
  journal={SIAM Journal on Mathematical Analysis},
  volume={45},
  number={5},
  pages={2815--2833},
  year={2013},
  publisher={SIAM}
}
@article{hu2010local,
  title={Local strong solution to the compressible viscoelastic flow with large data},
  author={Hu, Xianpeng and Wang, Dehua},
  journal={Journal of Differential Equations},
  volume={249},
  number={5},
  pages={1179--1198},
  year={2010},
  publisher={Elsevier}
}
@article{qian2011initial,
  title={Initial boundary value problems for the compressible viscoelastic fluid},
  author={Qian, Jianzhen},
  journal={Journal of Differential Equations},
  volume={250},
  number={2},
  pages={848--865},
  year={2011},
  publisher={Elsevier}
}
@article{housiadas2011perturbation,
  title={Perturbation solution of Poiseuille flow of a weakly compressible Oldroyd-B fluid},
  author={Housiadas, Kostas D and Georgiou, Georgios C},
  journal={Journal of Non-Newtonian Fluid Mechanics},
  volume={166},
  number={1},
  pages={73--92},
  year={2011},
  publisher={Elsevier}
}
@article{friedrichs1954symmetric,
  title={Symmetric hyperbolic linear differential equations},
  author={Friedrichs, Kurt O},
  journal={Communications on pure and applied Mathematics},
  volume={7},
  number={2},
  pages={345--392},
  year={1954},
  publisher={Wiley Online Library}
}
@article{friedrichs1954symmetric,
  title={Symmetric hyperbolic linear differential equations},
  author={Friedrichs, Kurt O},
  journal={Communications on pure and applied Mathematics},
  volume={7},
  number={2},
  pages={345--392},
  year={1954},
  publisher={Wiley Online Library}
}
@article{hanouzet2003global,
  title={Global existence of smooth solutions for partially dissipative hyperbolic systems with a convex entropy},
  author={Hanouzet, Bernard and Natalini, Roberto},
  journal={Archive for Rational Mechanics and Analysis},
  volume={169},
  number={2},
  pages={89--117},
  year={2003},
  publisher={Springer}
}
